<?xml version="1.0" encoding="UTF-8"?>
<Document xmlns="urn:iso:std:iso:20022:tech:xsd:camt.053.001.04" xmlns:xsi="http://www.w3.org/2001/XMLSchema-instance" xsi:schemaLocation="urn:iso:std:iso:20022:tech:xsd:camt.053.001.04 camt.053.001.04.xsd"><BkToCstmrStmt><GrpHdr><MsgId>20240108375204417762152</MsgId><CreDtTm>2024-01-09T02:05:57</CreDtTm><MsgPgntn><PgNb>1</PgNb><LastPgInd>true</LastPgInd></MsgPgntn><AddtlInf>SPS/1.7/PROD</AddtlInf></GrpHdr><Stmt><Id>20240108375204417762163</Id><ElctrncSeqNb>4</ElctrncSeqNb><CreDtTm>2024-01-09T02:05:57</CreDtTm><FrToDt><FrDtTm>2024-01-02T00:00:00</FrDtTm><ToDtTm>2024-01-08T23:59:59</ToDtTm></FrToDt><Acct><Id><IBAN>CH3909000000155602382</IBAN></Id><Ownr><Nm>enveranda GmbH Gwatt (Thun)</Nm></Ownr></Acct><Bal><Tp><CdOrPrtry><Cd>OPBD</Cd></CdOrPrtry></Tp><Amt Ccy="CHF">3890.79</Amt><CdtDbtInd>CRDT</CdtDbtInd><Dt><Dt>2024-01-02</Dt></Dt></Bal><Bal><Tp><CdOrPrtry><Cd>CLBD</Cd></CdOrPrtry></Tp><Amt Ccy="CHF">3842.99</Amt><CdtDbtInd>CRDT</CdtDbtInd><Dt><Dt>2024-01-08</Dt></Dt></Bal><Bal><Tp><CdOrPrtry><Cd>CLAV</Cd></CdOrPrtry></Tp><Amt Ccy="CHF">3842.99</Amt><CdtDbtInd>CRDT</CdtDbtInd><Dt><Dt>2024-01-08</Dt></Dt></Bal><Ntry><Amt Ccy="CHF">47.80</Amt><CdtDbtInd>DBIT</CdtDbtInd><RvslInd>false</RvslInd><Sts>BOOK</Sts><BookgDt><Dt>2024-01-04</Dt></BookgDt><ValDt><Dt>2024-01-01</Dt></ValDt><AcctSvcrRef>0044300080719382</AcctSvcrRef><BkTxCd><Domn><Cd>PMNT</Cd><Fmly><Cd>CCRD</Cd><SubFmlyCd>POSD</SubFmlyCd></Fmly></Domn></BkTxCd><NtryDtls><TxDtls><Refs><AcctSvcrRef>0044300080719382</AcctSvcrRef></Refs><Amt Ccy="CHF">47.80</Amt><CdtDbtInd>DBIT</CdtDbtInd></TxDtls></NtryDtls><AddtlNtryInf>KAUF/ONLINE-SHOPPING VOM 01.01.2024 KARTEN NR. XXXX0388 INFOMANIAK.COM INTERNET</AddtlNtryInf></Ntry></Stmt></BkToCstmrStmt></Document>
