<?xml version="1.0" encoding="UTF-8"?>
<Document xmlns="urn:iso:std:iso:20022:tech:xsd:camt.053.001.04" xmlns:xsi="http://www.w3.org/2001/XMLSchema-instance" xsi:schemaLocation="urn:iso:std:iso:20022:tech:xsd:camt.053.001.04 camt.053.001.04.xsd"><BkToCstmrStmt><GrpHdr><MsgId>20240129375204439304262</MsgId><CreDtTm>2024-01-30T02:41:05</CreDtTm><MsgPgntn><PgNb>1</PgNb><LastPgInd>true</LastPgInd></MsgPgntn><AddtlInf>SPS/1.7/PROD</AddtlInf></GrpHdr><Stmt><Id>20240130375204439304290</Id><ElctrncSeqNb>19</ElctrncSeqNb><CreDtTm>2024-01-30T02:41:05</CreDtTm><FrToDt><FrDtTm>2024-01-23T00:00:00</FrDtTm><ToDtTm>2024-01-29T23:59:59</ToDtTm></FrToDt><Acct><Id><IBAN>CH3909000000155602382</IBAN></Id><Ownr><Nm>enveranda GmbH Gwatt (Thun)</Nm></Ownr></Acct><Bal><Tp><CdOrPrtry><Cd>OPBD</Cd></CdOrPrtry></Tp><Amt Ccy="CHF">2772.19</Amt><CdtDbtInd>CRDT</CdtDbtInd><Dt><Dt>2024-01-23</Dt></Dt></Bal><Bal><Tp><CdOrPrtry><Cd>CLBD</Cd></CdOrPrtry></Tp><Amt Ccy="CHF">1635.25</Amt><CdtDbtInd>CRDT</CdtDbtInd><Dt><Dt>2024-01-29</Dt></Dt></Bal><Bal><Tp><CdOrPrtry><Cd>CLAV</Cd></CdOrPrtry></Tp><Amt Ccy="CHF">1635.25</Amt><CdtDbtInd>CRDT</CdtDbtInd><Dt><Dt>2024-01-29</Dt></Dt></Bal><Ntry><Amt Ccy="CHF">450.00</Amt><CdtDbtInd>DBIT</CdtDbtInd><RvslInd>false</RvslInd><Sts>BOOK</Sts><BookgDt><Dt>2024-01-23</Dt></BookgDt><ValDt><Dt>2024-01-23</Dt></ValDt><AcctSvcrRef>02342000B9J5R30K</AcctSvcrRef><BkTxCd><Domn><Cd>PMNT</Cd><Fmly><Cd>ICDT</Cd><SubFmlyCd>DMCT</SubFmlyCd></Fmly></Domn></BkTxCd><NtryDtls><TxDtls><Refs><AcctSvcrRef>25-978722814-1</AcctSvcrRef><PmtInfId>25:978722814</PmtInfId><InstrId>20240122000800165432955</InstrId></Refs><Amt Ccy="CHF">450.00</Amt><CdtDbtInd>DBIT</CdtDbtInd><BkTxCd><Domn><Cd>PMNT</Cd><Fmly><Cd>ICDT</Cd><SubFmlyCd>DMCT</SubFmlyCd></Fmly></Domn></BkTxCd><RltdPties><Cdtr><Nm>HC Dragon Thun</Nm><PstlAdr><StrtNm>Bierigutstrasse</StrtNm><BldgNb>14</BldgNb><PstCd>3608</PstCd><TwnNm>Thun</TwnNm><Ctry>CH</Ctry></PstlAdr></Cdtr><CdtrAcct><Id><IBAN>CH8930157051169281145</IBAN></Id></CdtrAcct></RltdPties><RltdAgts><CdtrAgt><FinInstnId><BICFI>AEKTCH22XXX</BICFI><Nm>AEK BANK 1826 Genossenschaft</Nm><PstlAdr><Ctry>CH</Ctry><AdrLine>3601 Thun</AdrLine></PstlAdr></FinInstnId></CdtrAgt></RltdAgts><RmtInf><Strd><CdtrRefInf><Tp><CdOrPrtry><Prtry>QRR</Prtry></CdOrPrtry></Tp><Ref>000003015700091990023016832</Ref></CdtrRefInf><AddtlRmtInf>Davin Schütz, Sponsorenlauf</AddtlRmtInf></Strd></RmtInf></TxDtls></NtryDtls><AddtlNtryInf>LASTSCHRIFT AEK BANK 1826 GENOSSENSCHAFT 3601 THUN CH8930157051169281145 HC DRAGON THUN BIERIGUTSTRASSE 14 3608 THUN SENDER REFERENZ: 20240122000800165432955</AddtlNtryInf></Ntry><Ntry><Amt Ccy="CHF">38.10</Amt><CdtDbtInd>DBIT</CdtDbtInd><RvslInd>false</RvslInd><Sts>BOOK</Sts><BookgDt><Dt>2024-01-26</Dt></BookgDt><ValDt><Dt>2024-01-26</Dt></ValDt><AcctSvcrRef>0264300119287593</AcctSvcrRef><BkTxCd><Domn><Cd>PMNT</Cd><Fmly><Cd>CCRD</Cd><SubFmlyCd>POSD</SubFmlyCd></Fmly></Domn></BkTxCd><NtryDtls><TxDtls><Refs><AcctSvcrRef>0264300119287593</AcctSvcrRef></Refs><Amt Ccy="CHF">38.10</Amt><CdtDbtInd>DBIT</CdtDbtInd></TxDtls></NtryDtls><AddtlNtryInf>KAUF/ONLINE-SHOPPING VOM 26.01.2024 KARTEN NR. XXXX0388 INFOMANIAK.COM INTERNET</AddtlNtryInf></Ntry><Ntry><Amt Ccy="CHF">32.40</Amt><CdtDbtInd>DBIT</CdtDbtInd><RvslInd>false</RvslInd><Sts>BOOK</Sts><BookgDt><Dt>2024-01-28</Dt></BookgDt><ValDt><Dt>2024-01-28</Dt></ValDt><AcctSvcrRef>0284300123617659</AcctSvcrRef><BkTxCd><Domn><Cd>PMNT</Cd><Fmly><Cd>CCRD</Cd><SubFmlyCd>POSD</SubFmlyCd></Fmly></Domn></BkTxCd><NtryDtls><TxDtls><Refs><AcctSvcrRef>0284300123617659</AcctSvcrRef></Refs><Amt Ccy="CHF">32.40</Amt><CdtDbtInd>DBIT</CdtDbtInd></TxDtls></NtryDtls><AddtlNtryInf>KAUF/ONLINE-SHOPPING VOM 28.01.2024 KARTEN NR. XXXX0388 INFOMANIAK.COM INTERNET</AddtlNtryInf></Ntry><Ntry><Amt Ccy="CHF">485.45</Amt><CdtDbtInd>DBIT</CdtDbtInd><RvslInd>false</RvslInd><Sts>BOOK</Sts><BookgDt><Dt>2024-01-29</Dt></BookgDt><ValDt><Dt>2024-01-29</Dt></ValDt><AcctSvcrRef>02942000BAI8YFCK</AcctSvcrRef><BkTxCd><Domn><Cd>PMNT</Cd><Fmly><Cd>ICDT</Cd><SubFmlyCd>BOOK</SubFmlyCd></Fmly></Domn></BkTxCd><NtryDtls><TxDtls><Refs><AcctSvcrRef>25-984341946-1</AcctSvcrRef><PmtInfId>25:984341946</PmtInfId><InstrId>20240128000800340868145</InstrId></Refs><Amt Ccy="CHF">485.45</Amt><CdtDbtInd>DBIT</CdtDbtInd><BkTxCd><Domn><Cd>PMNT</Cd><Fmly><Cd>ICDT</Cd><SubFmlyCd>BOOK</SubFmlyCd></Fmly></Domn></BkTxCd><RltdPties><Cdtr><Nm>Strassenverkehrs- und Schifffahrtsamt</Nm><PstlAdr><StrtNm>Schermenweg 5, Postfach</StrtNm><PstCd>3001</PstCd><TwnNm>Bern</TwnNm><Ctry>CH</Ctry></PstlAdr></Cdtr><CdtrAcct><Id><IBAN>CH8830000001154737318</IBAN></Id></CdtrAcct></RltdPties><RltdAgts><CdtrAgt><FinInstnId><BICFI>POFICHBEXXX</BICFI><Nm>PostFinance AG</Nm><PstlAdr><Ctry>CH</Ctry><AdrLine>3030 Bern</AdrLine></PstlAdr></FinInstnId></CdtrAgt></RltdAgts><RmtInf><Strd><CdtrRefInf><Tp><CdOrPrtry><Prtry>QRR</Prtry></CdOrPrtry></Tp><Ref>000000006120000000221510571</Ref></CdtrRefInf></Strd></RmtInf></TxDtls></NtryDtls><AddtlNtryInf>LASTSCHRIFT CH8830000001154737318 STRASSENVERKEHRS- UND SCHIFFFAHRTSA MT SCHERMENWEG 5, POSTFACH 3001 BERN SENDER REFERENZ: 20240128000800340868145</AddtlNtryInf></Ntry><Ntry><Amt Ccy="CHF">125.00</Amt><CdtDbtInd>DBIT</CdtDbtInd><RvslInd>false</RvslInd><Sts>BOOK</Sts><BookgDt><Dt>2024-01-29</Dt></BookgDt><ValDt><Dt>2024-01-29</Dt></ValDt><AcctSvcrRef>02942000BAHFMIOK</AcctSvcrRef><BkTxCd><Domn><Cd>PMNT</Cd><Fmly><Cd>ICDT</Cd><SubFmlyCd>BOOK</SubFmlyCd></Fmly></Domn></BkTxCd><NtryDtls><TxDtls><Refs><AcctSvcrRef>25-984340159-1</AcctSvcrRef><PmtInfId>25:984340159</PmtInfId><InstrId>20240128000800340827084</InstrId></Refs><Amt Ccy="CHF">125.00</Amt><CdtDbtInd>DBIT</CdtDbtInd><BkTxCd><Domn><Cd>PMNT</Cd><Fmly><Cd>ICDT</Cd><SubFmlyCd>BOOK</SubFmlyCd></Fmly></Domn></BkTxCd><RltdPties><Cdtr><Nm>Finanzverwaltung des Kantons Bern</Nm><PstlAdr><StrtNm>Münsterplatz</StrtNm><BldgNb>12</BldgNb><PstCd>3011</PstCd><TwnNm>Bern</TwnNm><Ctry>CH</Ctry></PstlAdr></Cdtr><CdtrAcct><Id><IBAN>CH4330000001300004067</IBAN></Id></CdtrAcct></RltdPties><RltdAgts><CdtrAgt><FinInstnId><BICFI>POFICHBEXXX</BICFI><Nm>PostFinance AG</Nm><PstlAdr><Ctry>CH</Ctry><AdrLine>3030 Bern</AdrLine></PstlAdr></FinInstnId></CdtrAgt></RltdAgts><RmtInf><Strd><CdtrRefInf><Tp><CdOrPrtry><Prtry>QRR</Prtry></CdOrPrtry></Tp><Ref>004500100044554009003569435</Ref></CdtrRefInf></Strd></RmtInf></TxDtls></NtryDtls><AddtlNtryInf>LASTSCHRIFT CH4330000001300004067 FINANZVERWALTUNG DES KANTONS BERN MÜNSTERPLATZ 12 3011 BERN SENDER REFERENZ: 20240128000800340827084</AddtlNtryInf></Ntry><Ntry><Amt Ccy="CHF">5.99</Amt><CdtDbtInd>DBIT</CdtDbtInd><RvslInd>false</RvslInd><Sts>BOOK</Sts><BookgDt><Dt>2024-01-29</Dt></BookgDt><ValDt><Dt>2024-01-28</Dt></ValDt><AcctSvcrRef>0294300124929109</AcctSvcrRef><BkTxCd><Domn><Cd>PMNT</Cd><Fmly><Cd>CCRD</Cd><SubFmlyCd>POSD</SubFmlyCd></Fmly></Domn></BkTxCd><NtryDtls><TxDtls><Refs><AcctSvcrRef>0294300124929109</AcctSvcrRef></Refs><Amt Ccy="CHF">5.99</Amt><CdtDbtInd>DBIT</CdtDbtInd></TxDtls></NtryDtls><AddtlNtryInf>KAUF/ONLINE-SHOPPING VOM 28.01.2024 BETRAG IN KONTOWÄHRUNG 5.90 1.5% BEARBEITUNGSZUSCHLAG 0.09 KARTEN NR. XXXX2723 ARLO ARLO.COM/EU</AddtlNtryInf></Ntry></Stmt></BkToCstmrStmt></Document>
