<?xml version="1.0" encoding="UTF-8"?>
<Document xmlns="urn:iso:std:iso:20022:tech:xsd:camt.053.001.04" xmlns:xsi="http://www.w3.org/2001/XMLSchema-instance" xsi:schemaLocation="urn:iso:std:iso:20022:tech:xsd:camt.053.001.04 camt.053.001.04.xsd"><BkToCstmrStmt><GrpHdr><MsgId>20240205375204450578255</MsgId><CreDtTm>2024-02-06T02:06:17</CreDtTm><MsgPgntn><PgNb>1</PgNb><LastPgInd>true</LastPgInd></MsgPgntn><AddtlInf>SPS/1.7/PROD</AddtlInf></GrpHdr><Stmt><Id>20240205375204450578289</Id><ElctrncSeqNb>24</ElctrncSeqNb><CreDtTm>2024-02-06T02:06:17</CreDtTm><FrToDt><FrDtTm>2024-01-30T00:00:00</FrDtTm><ToDtTm>2024-02-05T23:59:59</ToDtTm></FrToDt><Acct><Id><IBAN>CH3909000000155602382</IBAN></Id><Ownr><Nm>enveranda GmbH Gwatt (Thun)</Nm></Ownr></Acct><Bal><Tp><CdOrPrtry><Cd>OPBD</Cd></CdOrPrtry></Tp><Amt Ccy="CHF">1635.25</Amt><CdtDbtInd>CRDT</CdtDbtInd><Dt><Dt>2024-01-30</Dt></Dt></Bal><Bal><Tp><CdOrPrtry><Cd>CLBD</Cd></CdOrPrtry></Tp><Amt Ccy="CHF">1346.79</Amt><CdtDbtInd>CRDT</CdtDbtInd><Dt><Dt>2024-02-05</Dt></Dt></Bal><Bal><Tp><CdOrPrtry><Cd>CLAV</Cd></CdOrPrtry></Tp><Amt Ccy="CHF">1346.79</Amt><CdtDbtInd>CRDT</CdtDbtInd><Dt><Dt>2024-02-05</Dt></Dt></Bal><Ntry><Amt Ccy="CHF">5.00</Amt><CdtDbtInd>DBIT</CdtDbtInd><RvslInd>false</RvslInd><Sts>BOOK</Sts><BookgDt><Dt>2024-01-31</Dt></BookgDt><ValDt><Dt>2024-01-31</Dt></ValDt><AcctSvcrRef>0314100231879173</AcctSvcrRef><BkTxCd><Domn><Cd>ACMT</Cd><Fmly><Cd>ADOP</Cd><SubFmlyCd>CHRG</SubFmlyCd></Fmly></Domn></BkTxCd><NtryDtls><TxDtls><Refs><AcctSvcrRef>0314100231879173</AcctSvcrRef></Refs><Amt Ccy="CHF">5.00</Amt><CdtDbtInd>DBIT</CdtDbtInd></TxDtls></NtryDtls><AddtlNtryInf>PREIS FÜR DIE KONTOFÜHRUNG</AddtlNtryInf></Ntry><Ntry><Amt Ccy="CHF">39.00</Amt><CdtDbtInd>DBIT</CdtDbtInd><RvslInd>false</RvslInd><Sts>BOOK</Sts><BookgDt><Dt>2024-01-31</Dt></BookgDt><ValDt><Dt>2024-01-31</Dt></ValDt><AcctSvcrRef>03142000B7827HXK</AcctSvcrRef><BkTxCd><Domn><Cd>PMNT</Cd><Fmly><Cd>ICDT</Cd><SubFmlyCd>BOOK</SubFmlyCd></Fmly></Domn></BkTxCd><NtryDtls><TxDtls><Refs><MsgId>PIA6f7f0b7f83fc4ae4a128d3f3d89f80a2</MsgId><AcctSvcrRef>25-970100383-1</AcctSvcrRef><PmtInfId>PIB26afffab81b14b6498a77ee0b40466d1</PmtInfId><InstrId>AID21b11528c7ee4a0a86aab5bea266d204</InstrId><EndToEndId>NOTPROVIDED</EndToEndId></Refs><Amt Ccy="CHF">39.00</Amt><CdtDbtInd>DBIT</CdtDbtInd><BkTxCd><Domn><Cd>PMNT</Cd><Fmly><Cd>ICDT</Cd><SubFmlyCd>BOOK</SubFmlyCd></Fmly></Domn></BkTxCd><RltdPties><Cdtr><Nm>Wingo</Nm><PstlAdr><StrtNm>Contact Center</StrtNm><PstCd>3050</PstCd><TwnNm>Bern</TwnNm><Ctry>CH</Ctry></PstlAdr></Cdtr><CdtrAcct><Id><IBAN>CH2130000002310800141</IBAN></Id></CdtrAcct></RltdPties><RltdAgts><CdtrAgt><FinInstnId><ClrSysMmbId><MmbId>30000</MmbId></ClrSysMmbId><Nm>PostFinance AG</Nm><PstlAdr><Ctry>CH</Ctry><AdrLine>3030 Bern</AdrLine></PstlAdr></FinInstnId></CdtrAgt></RltdAgts><RmtInf><Strd><CdtrRefInf><Tp><CdOrPrtry><Prtry>QRR</Prtry></CdOrPrtry></Tp><Ref>000000100028796700034307750</Ref></CdtrRefInf></Strd></RmtInf></TxDtls></NtryDtls><AddtlNtryInf>LASTSCHRIFT CH2130000002310800141 WINGO CONTACT CENTER 3050 BERN</AddtlNtryInf></Ntry><Ntry><Amt Ccy="CHF">8.35</Amt><CdtDbtInd>DBIT</CdtDbtInd><RvslInd>false</RvslInd><Sts>BOOK</Sts><BookgDt><Dt>2024-01-31</Dt></BookgDt><ValDt><Dt>2024-01-31</Dt></ValDt><AcctSvcrRef>03142000AZNFKH6K</AcctSvcrRef><BkTxCd><Domn><Cd>PMNT</Cd><Fmly><Cd>ICDT</Cd><SubFmlyCd>BOOK</SubFmlyCd></Fmly></Domn></BkTxCd><NtryDtls><TxDtls><Refs><MsgId>PIAda9d50fef5224a4f8e8a8c49aeaefc53</MsgId><AcctSvcrRef>25-932798605-1</AcctSvcrRef><PmtInfId>PIB30b27e71f3ab470a901ab8659c5162bb</PmtInfId><InstrId>AID13bec8070082473e87432520a0a75474</InstrId><EndToEndId>NOTPROVIDED</EndToEndId></Refs><Amt Ccy="CHF">8.35</Amt><CdtDbtInd>DBIT</CdtDbtInd><BkTxCd><Domn><Cd>PMNT</Cd><Fmly><Cd>ICDT</Cd><SubFmlyCd>BOOK</SubFmlyCd></Fmly></Domn></BkTxCd><RltdPties><Cdtr><Nm>Schweizerische Mobiliar</Nm><PstlAdr><StrtNm>Bundesgasse35</StrtNm><PstCd>3001</PstCd><TwnNm>Bern</TwnNm><Ctry>CH</Ctry></PstlAdr></Cdtr><CdtrAcct><Id><IBAN>CH6430000001306657404</IBAN></Id></CdtrAcct></RltdPties><RltdAgts><CdtrAgt><FinInstnId><ClrSysMmbId><MmbId>30000</MmbId></ClrSysMmbId><Nm>PostFinance AG</Nm><PstlAdr><Ctry>CH</Ctry><AdrLine>3030 Bern</AdrLine></PstlAdr></FinInstnId></CdtrAgt></RltdAgts><RmtInf><Strd><CdtrRefInf><Tp><CdOrPrtry><Prtry>QRR</Prtry></CdOrPrtry></Tp><Ref>117000243409000164505600007</Ref></CdtrRefInf></Strd></RmtInf></TxDtls></NtryDtls><AddtlNtryInf>LASTSCHRIFT CH6430000001306657404 SCHWEIZERISCHE MOBILIAR BUNDESGASSE35 3001 BERN</AddtlNtryInf></Ntry><Ntry><Amt Ccy="CHF">236.11</Amt><CdtDbtInd>DBIT</CdtDbtInd><RvslInd>false</RvslInd><Sts>BOOK</Sts><BookgDt><Dt>2024-02-02</Dt></BookgDt><ValDt><Dt>2024-02-02</Dt></ValDt><AcctSvcrRef>03342000BBI7HX9K</AcctSvcrRef><BkTxCd><Domn><Cd>PMNT</Cd><Fmly><Cd>ICDT</Cd><SubFmlyCd>DMCT</SubFmlyCd></Fmly></Domn></BkTxCd><NtryDtls><TxDtls><Refs><AcctSvcrRef>25-989007846-1</AcctSvcrRef><PmtInfId>25:989007846</PmtInfId><InstrId>20240201000800488561791</InstrId></Refs><Amt Ccy="CHF">236.11</Amt><CdtDbtInd>DBIT</CdtDbtInd><BkTxCd><Domn><Cd>PMNT</Cd><Fmly><Cd>ICDT</Cd><SubFmlyCd>DMCT</SubFmlyCd></Fmly></Domn></BkTxCd><RltdPties><Cdtr><Nm>Laura Miranda Hernandez</Nm><PstlAdr><TwnNm>Thun</TwnNm><Ctry>CH</Ctry></PstlAdr></Cdtr><CdtrAcct><Id><IBAN>CH1408781000171996500</IBAN></Id></CdtrAcct></RltdPties><RltdAgts><CdtrAgt><FinInstnId><BICFI>SWQBCHZZXXX</BICFI><Nm>Swissquote Bank SA</Nm><PstlAdr><Ctry>CH</Ctry><AdrLine>1196 Gland</AdrLine></PstlAdr></FinInstnId></CdtrAgt></RltdAgts></TxDtls></NtryDtls><AddtlNtryInf>LASTSCHRIFT SWISSQUOTE BANK SA 1196 GLAND CH1408781000171996500 LAURA MIRANDA HERNANDEZ THUN SENDER REFERENZ: 20240201000800488561791</AddtlNtryInf></Ntry></Stmt></BkToCstmrStmt></Document>
