<?xml version="1.0" encoding="UTF-8"?>
<Document xmlns="urn:iso:std:iso:20022:tech:xsd:camt.053.001.04" xmlns:xsi="http://www.w3.org/2001/XMLSchema-instance" xsi:schemaLocation="urn:iso:std:iso:20022:tech:xsd:camt.053.001.04 camt.053.001.04.xsd"><BkToCstmrStmt><GrpHdr><MsgId>20240122375204430386202</MsgId><CreDtTm>2024-01-23T01:53:07</CreDtTm><MsgPgntn><PgNb>1</PgNb><LastPgInd>true</LastPgInd></MsgPgntn><AddtlInf>SPS/1.7/PROD</AddtlInf></GrpHdr><Stmt><Id>20240122375204430386220</Id><ElctrncSeqNb>14</ElctrncSeqNb><CreDtTm>2024-01-23T01:53:07</CreDtTm><FrToDt><FrDtTm>2024-01-16T00:00:00</FrDtTm><ToDtTm>2024-01-22T23:59:59</ToDtTm></FrToDt><Acct><Id><IBAN>CH3909000000155602382</IBAN></Id><Ownr><Nm>enveranda GmbH Gwatt (Thun)</Nm></Ownr></Acct><Bal><Tp><CdOrPrtry><Cd>OPBD</Cd></CdOrPrtry></Tp><Amt Ccy="CHF">3842.99</Amt><CdtDbtInd>CRDT</CdtDbtInd><Dt><Dt>2024-01-16</Dt></Dt></Bal><Bal><Tp><CdOrPrtry><Cd>CLBD</Cd></CdOrPrtry></Tp><Amt Ccy="CHF">2772.19</Amt><CdtDbtInd>CRDT</CdtDbtInd><Dt><Dt>2024-01-22</Dt></Dt></Bal><Bal><Tp><CdOrPrtry><Cd>CLAV</Cd></CdOrPrtry></Tp><Amt Ccy="CHF">2772.19</Amt><CdtDbtInd>CRDT</CdtDbtInd><Dt><Dt>2024-01-22</Dt></Dt></Bal><Ntry><Amt Ccy="CHF">563.40</Amt><CdtDbtInd>DBIT</CdtDbtInd><RvslInd>false</RvslInd><Sts>BOOK</Sts><BookgDt><Dt>2024-01-16</Dt></BookgDt><ValDt><Dt>2024-01-16</Dt></ValDt><AcctSvcrRef>01642000B8GONA0K</AcctSvcrRef><BkTxCd><Domn><Cd>PMNT</Cd><Fmly><Cd>ICDT</Cd><SubFmlyCd>BOOK</SubFmlyCd></Fmly></Domn></BkTxCd><NtryDtls><TxDtls><Refs><AcctSvcrRef>25-974912602-1</AcctSvcrRef><PmtInfId>25:974912602</PmtInfId><InstrId>20240115000800997066585</InstrId></Refs><Amt Ccy="CHF">563.40</Amt><CdtDbtInd>DBIT</CdtDbtInd><BkTxCd><Domn><Cd>PMNT</Cd><Fmly><Cd>ICDT</Cd><SubFmlyCd>BOOK</SubFmlyCd></Fmly></Domn></BkTxCd><RltdPties><Cdtr><Nm>Helvetia Schweizerische Versicherungsgesellschaft AG</Nm><PstlAdr><StrtNm>Dufourstrasse</StrtNm><BldgNb>40</BldgNb><PstCd>9001</PstCd><TwnNm>St. Gallen</TwnNm><Ctry>CH</Ctry></PstlAdr></Cdtr><CdtrAcct><Id><IBAN>CH9130000005900075525</IBAN></Id></CdtrAcct></RltdPties><RltdAgts><CdtrAgt><FinInstnId><BICFI>POFICHBEXXX</BICFI><Nm>PostFinance AG</Nm><PstlAdr><Ctry>CH</Ctry><AdrLine>3030 Bern</AdrLine></PstlAdr></FinInstnId></CdtrAgt></RltdAgts><RmtInf><Strd><CdtrRefInf><Tp><CdOrPrtry><Prtry>QRR</Prtry></CdOrPrtry></Tp><Ref>666011957270272010120249995</Ref></CdtrRefInf></Strd></RmtInf></TxDtls></NtryDtls><AddtlNtryInf>LASTSCHRIFT CH9130000005900075525 HELVETIA SCHWEIZERISCHE VERSICHERUN GSGESELLSCHAFT AG DUFOURSTRASSE 40 9001 ST. GALLEN SENDER REFERENZ: 20240115000800997066585</AddtlNtryInf></Ntry><Ntry><Amt Ccy="CHF">484.90</Amt><CdtDbtInd>DBIT</CdtDbtInd><RvslInd>false</RvslInd><Sts>BOOK</Sts><BookgDt><Dt>2024-01-16</Dt></BookgDt><ValDt><Dt>2024-01-16</Dt></ValDt><AcctSvcrRef>01642000B8HXVMAK</AcctSvcrRef><BkTxCd><Domn><Cd>PMNT</Cd><Fmly><Cd>ICDT</Cd><SubFmlyCd>BOOK</SubFmlyCd></Fmly></Domn></BkTxCd><NtryDtls><TxDtls><Refs><AcctSvcrRef>25-974912352-1</AcctSvcrRef><PmtInfId>25:974912352</PmtInfId><InstrId>20240115000800997053419</InstrId></Refs><Amt Ccy="CHF">484.90</Amt><CdtDbtInd>DBIT</CdtDbtInd><BkTxCd><Domn><Cd>PMNT</Cd><Fmly><Cd>ICDT</Cd><SubFmlyCd>BOOK</SubFmlyCd></Fmly></Domn></BkTxCd><RltdPties><Cdtr><Nm>AMAG Automobil und Motoren AG</Nm><PstlAdr><StrtNm>Alte Steinhauserstrasse</StrtNm><BldgNb>12</BldgNb><PstCd>6330</PstCd><TwnNm>Cham</TwnNm><Ctry>CH</Ctry></PstlAdr></Cdtr><CdtrAcct><Id><IBAN>CH6230000001302155476</IBAN></Id></CdtrAcct></RltdPties><RltdAgts><CdtrAgt><FinInstnId><BICFI>POFICHBEXXX</BICFI><Nm>PostFinance AG</Nm><PstlAdr><Ctry>CH</Ctry><AdrLine>3030 Bern</AdrLine></PstlAdr></FinInstnId></CdtrAgt></RltdAgts><RmtInf><Strd><CdtrRefInf><Tp><CdOrPrtry><Prtry>QRR</Prtry></CdOrPrtry></Tp><Ref>010570000511053504122214442</Ref></CdtrRefInf></Strd></RmtInf></TxDtls></NtryDtls><AddtlNtryInf>LASTSCHRIFT CH6230000001302155476 AMAG AUTOMOBIL UND MOTOREN AG ALTE STEINHAUSERSTRASSE 12 6330 CHAM SENDER REFERENZ: 20240115000800997053419</AddtlNtryInf></Ntry><Ntry><Amt Ccy="CHF">7.80</Amt><CdtDbtInd>DBIT</CdtDbtInd><RvslInd>false</RvslInd><Sts>BOOK</Sts><BookgDt><Dt>2024-01-17</Dt></BookgDt><ValDt><Dt>2024-01-17</Dt></ValDt><AcctSvcrRef>0174300103302869</AcctSvcrRef><BkTxCd><Domn><Cd>PMNT</Cd><Fmly><Cd>CCRD</Cd><SubFmlyCd>POSD</SubFmlyCd></Fmly></Domn></BkTxCd><NtryDtls><TxDtls><Refs><AcctSvcrRef>0174300103302869</AcctSvcrRef></Refs><Amt Ccy="CHF">7.80</Amt><CdtDbtInd>DBIT</CdtDbtInd></TxDtls></NtryDtls><AddtlNtryInf>KAUF/ONLINE-SHOPPING VOM 17.01.2024 KARTEN NR. XXXX0388 INFOMANIAK.COM INTERNET</AddtlNtryInf></Ntry><Ntry><Amt Ccy="CHF">14.70</Amt><CdtDbtInd>DBIT</CdtDbtInd><RvslInd>false</RvslInd><Sts>BOOK</Sts><BookgDt><Dt>2024-01-20</Dt></BookgDt><ValDt><Dt>2024-01-20</Dt></ValDt><AcctSvcrRef>0204300108825804</AcctSvcrRef><BkTxCd><Domn><Cd>PMNT</Cd><Fmly><Cd>CCRD</Cd><SubFmlyCd>POSD</SubFmlyCd></Fmly></Domn></BkTxCd><NtryDtls><TxDtls><Refs><AcctSvcrRef>0204300108825804</AcctSvcrRef></Refs><Amt Ccy="CHF">14.70</Amt><CdtDbtInd>DBIT</CdtDbtInd></TxDtls></NtryDtls><AddtlNtryInf>KAUF/ONLINE-SHOPPING VOM 20.01.2024 KARTEN NR. XXXX0388 INFOMANIAK.COM INTERNET</AddtlNtryInf></Ntry></Stmt></BkToCstmrStmt></Document>
